 @article{banz_1981, title={The relationship between return and market value of common stocks}, volume={9}, DOI={10.1016/0304-405x(81)90018-0}, number={1}, journal={Journal of Financial Economics}, author={Banz, Rolf W.}, year={1981}, pages={3–18}} 

 
 @article{fama_french_1993, title={Common risk factors in the returns on stocks and Bonds}, volume={33}, DOI={10.1016/0304-405x(93)90023-5}, number={1}, journal={Journal of Financial Economics}, author={Fama, Eugene F. and French, Kenneth R.}, year={1993}, pages={3–56}} 

 
 @article{friede_busch_bassen_2015, title={ESG and Financial Performance: Aggregated evidence from more than 2000 empirical studies}, volume={5}, DOI={10.1080/20430795.2015.1118917}, number={4}, journal={Journal of Sustainable Finance &amp; Investment}, author={Friede, Gunnar and Busch, Timo and Bassen, Alexander}, year={2015}, pages={210–233}} 

 
 @article{lee_swaminathan_2000, title={Price momentum and Trading Volume}, volume={55}, DOI={10.1111/0022-1082.00280}, number={5}, journal={The Journal of Finance}, author={Lee, Charles M.C. and Swaminathan, Bhaskaran}, year={2000}, pages={2017–2069}} 

 
 @article{richardson_sloan_soliman_tuna_2005, title={Accrual reliability, earnings persistence and stock prices}, volume={39}, DOI={10.1016/j.jacceco.2005.04.005}, number={3}, journal={Journal of Accounting and Economics}, author={Richardson, Scott A. and Sloan, Richard G. and Soliman, Mark T. and Tuna, İrem}, year={2005}, pages={437–485}} 

 
 @misc{aaron_yoon, title={Does positive ESG News Help a company's stock price?}, url={https://insight.kellogg.northwestern.edu/article/esg-news-market-reaction}, journal={Kellogg Insight}, author={Aaron  Yoon, Donald P.}, year={2021}, month={Aug}} 

 
 @misc{betterment, title={Socially responsible investing (SRI) portfolios}, url={https://www.betterment.com/socially-responsible-investing}, journal={Betterment}} 

 
 @misc{capelle-blancard_petit_2017, title={Every little helps? ESG News and stock market reaction - journal of business ethics}, url={https://link.springer.com/article/10.1007/s10551-017-3667-3}, journal={SpringerLink}, publisher={Springer Netherlands}, author={Capelle-Blancard, Gunther and Petit, Aurélien}, year={2017}, month={Sep}} 
 
 @misc{corporate finance institute_2022, title={Fama-French three-factor model}, url={https://corporatefinanceinstitute.com/resources/valuation/fama-french-three-factor-model/}, journal={Corporate Finance Institute}, year={2022}, month={Dec}} 

 
 @misc{do corporations pro t from breaking the law? evidence from ..., url={https://nathanatkinson.com/wp-content/uploads/2020/08/Atkinson-2020-Corporate-Environmental-Violations-1.pdf}} 

 
 @misc{EY, title={EY: Sustainability and Trends}, url={https://www.ey.com/en_us/sustainability}, journal={EY}, publisher={EY}, year={2022}, month={Feb}} 

 
 @misc{gibson_krueger_schmidt_2019, title={ESG rating disagreement and stock returns}, url={https://papers.ssrn.com/sol3/papers.cfm?abstract_id=3433728}, journal={SSRN}, author={Gibson, Rajna and Krueger, Philipp and Schmidt, Peter Steffen}, year={2019}, month={Aug}} 

 
 @misc{kumar_2022, title={ESG factors and risk-adjusted performance: A new quantitative model}, url={https://finance.lmu.edu/media/bus/responsibleinvestingprogram/ESG\%20Performance.pdf}, author={Kumar, Ashwin}, year={2022}, month={Sep}} 
 
 @misc{msci_2022, title={ESG 101: What is environmental, social and governance?}, url={https://www.msci.com/esg-101-what-is-esg}, journal={MSCI}, publisher={Morgan Stanley Capital International}, author={MSCI}, year={2022}, month={Nov}} 

 
 @misc{philip, title={Corporate goodness and shareholder wealth}, url={https://www.sciencedirect.com/science/article/abs/pii/S0304405X14001925}, journal={Journal of Financial Economics}, publisher={North-Holland}, author={Krüger, Renneboog, L. and Kothari, S. and Hong, H. and Fisher-Vanden, K. and Fama, E.F. and Edmans, A. and Giuli, A. Di and et al.}, year={2014}, month={Sep}} 
 
 @misc{stattman2020. (1980) book values and stock returns. the chicago mba a journal of selected papers, 4, 25-45. - references - scientific research publishing, title={Book Values and Stock Returns}, url={https://www.scirp.org/(S(351jmbntvnsjt1aadkposzje))/reference/referencespapers.aspx?referenceid=2127330}, journal={Stattman, D. (1980) book values and stock returns. the chicago MBA A Journal of Selected Papers, 4, 25-45. - references - scientific research publishing}} 

 
 @misc{team_2022, title={What is environmental, social, and governance (ESG) investing?}, url={https://www.investopedia.com/terms/e/environmental-social-and-governance-esg-criteria.asp#toc-environmental-social-and-governance.}, journal={Investopedia}, publisher={Investopedia}, author={Team, The Investopedia}, year={2022}, month={Nov}} 

 
@article{Fama_french_1992, ISSN = {00221082, 15406261},URL = {http://www.jstor.org/stable/2329112},author = {Eugene F. Fama and Kenneth R. French},journal = {The Journal of Finance},number = {2},pages = {427--465},publisher = {[American Finance Association, Wiley]},title = {The Cross-Section of Expected Stock Returns},urldate = {2022-12-19},volume = {47},year = {1992}}



 @article{ashwin, title={ESG factors and risk-adjusted performance: A new quantitative model}, volume={6}, DOI={10.1080/20430795.2016.1234909}, number={4}, journal={Journal of Sustainable Finance &amp; Investment}, author={Ashwin Kumar, N. C. and Smith, Camille and Badis, Leïla and Wang, Nan and Ambrosy, Paz and Tavares, Rodrigo}, year={2016}, pages={292–300}} 